<record><leader>00000cas a22000007a 4500</leader><controlfield tag="001">11647989</controlfield><controlfield tag="008">850201d18611918wiuwr ne      0    0eng d</controlfield><datafield ind1=" " ind2=" " tag="010"><subfield code="a">sn 85033072 </subfield></datafield><datafield ind1=" " ind2=" " tag="040"><subfield code="a">NPU</subfield><subfield code="b">eng</subfield><subfield code="c">NPU</subfield><subfield code="d">NPV</subfield><subfield code="d">NPX</subfield><subfield code="d">MGN</subfield><subfield code="d">OCL</subfield><subfield code="d">OCLCQ</subfield></datafield><datafield ind1=" " ind2=" " tag="042"><subfield code="a">msc</subfield></datafield><datafield ind1="0" ind2="0" tag="245"><subfield code="a">Adams County press.</subfield></datafield><datafield ind1="3" ind2="0" tag="246"><subfield code="a">Adams press</subfield></datafield><datafield ind1=" " ind2=" " tag="260"><subfield code="a">Friendship, Adams Co., Wis. :</subfield><subfield code="b">Frank O. Wisner,</subfield><subfield code="c">-1918.</subfield></datafield><datafield ind1=" " ind2=" " tag="300"><subfield code="a">57 v. :</subfield><subfield code="b">ill. ;</subfield><subfield code="c">55-60 cm.</subfield></datafield><datafield ind1=" " ind2=" " tag="310"><subfield code="a">Weekly</subfield></datafield><datafield ind1="1" ind2=" " tag="362"><subfield code="a">Began Apr. 28, 1861. Cf. Oct. 3, 1903 issue.</subfield></datafield><datafield ind1="0" ind2=" " tag="362"><subfield code="a">-v. 57, no. 30 (Feb. 16, 1918).</subfield></datafield><datafield ind1=" " ind2=" " tag="500"><subfield code="a">Publisher: F.O. Wisner, &lt;June 1865&gt;-Aug. 1865.--S.W. Pierce, Sept. 1865-Jan. 1868.--Pierce &amp; Carter, Jan. 1868-June 1869.--Pierce, Carter &amp; Higgins, June 1869-Feb. 1870.--Pierce &amp; Higgins, Feb. 1870-Apr. 1871.--Pierce &amp; Waterman, Apr. 1871-Jan. 1874.--S.W. Pierce, Jan. 1874-Aug. 1899.--S.W. Pierce and Son, Sept. 1899-Feb. 1918.</subfield></datafield><datafield ind1=" " ind2=" " tag="500"><subfield code="a">"County" appears within title ornament, &lt;1866&gt;.</subfield></datafield><datafield ind1=" " ind2=" " tag="500"><subfield code="a">Editors: S.W. Pierce &lt;1865&gt;-Sept. 1903; H.S. Pierce, July 1905-Feb. 1918.</subfield></datafield><datafield ind1=" " ind2=" " tag="530"><subfield code="a">Available on microfilm from The State Historical Society of Wisconsin.</subfield></datafield><datafield ind1=" " ind2=" " tag="588"><subfield code="a">Description based on: Vol. 4, no. 50 (June 30, 1865).</subfield></datafield><datafield ind1="1" ind2=" " tag="700"><subfield code="a">Wisner, Frank O.</subfield></datafield><datafield ind1="1" ind2=" " tag="700"><subfield code="a">Pierce, S. W.</subfield><subfield code="q">(Solon Wesley),</subfield><subfield code="d">1831-1903.</subfield></datafield><datafield ind1="1" ind2=" " tag="700"><subfield code="a">Pierce, Harry S.</subfield></datafield><datafield ind1=" " ind2=" " tag="752"><subfield code="a">United States</subfield><subfield code="b">Wisconsin</subfield><subfield code="c">Adams</subfield><subfield code="d">Friendship.</subfield></datafield><datafield ind1="1" ind2=" " tag="029"><subfield code="a">AU@</subfield><subfield code="b">000025834636</subfield></datafield></record>